@article{poley2000latex,
	title={Latex allergy},
	author={Poley Jr, Gerald E and Slater, Jay E},
	journal={Journal of allergy and clinical immunology},
	volume={105},
	number={6},
	pages={1054--1062},
	year={2000},
	publisher={Elsevier}
}